<record><leader>00000cas a22000007a 4500</leader><controlfield tag="001">17391094</controlfield><controlfield tag="008">880125c19859999iauwr ne      0    0eng d</controlfield><datafield ind1=" " ind2=" " tag="010"><subfield code="a">sn 88059456 </subfield></datafield><datafield ind1=" " ind2=" " tag="040"><subfield code="a">INP</subfield><subfield code="b">eng</subfield><subfield code="c">INP</subfield><subfield code="d">OCLCQ</subfield></datafield><datafield ind1=" " ind2=" " tag="042"><subfield code="a">msc</subfield></datafield><datafield ind1="0" ind2="4" tag="245"><subfield code="a">The Sac sun-star.</subfield></datafield><datafield ind1="1" ind2="3" tag="246"><subfield code="a">Sac sun</subfield></datafield><datafield ind1=" " ind2=" " tag="260"><subfield code="a">Sac City, Iowa :</subfield><subfield code="b">Central Sun Media,</subfield><subfield code="c">1985-</subfield></datafield><datafield ind1=" " ind2=" " tag="300"><subfield code="a">v.</subfield></datafield><datafield ind1=" " ind2=" " tag="310"><subfield code="a">Weekly</subfield></datafield><datafield ind1="0" ind2=" " tag="362"><subfield code="a">Vol. 114, no. 49 (Dec. 4, 1985)-</subfield></datafield><datafield ind1=" " ind2=" " tag="752"><subfield code="a">United States</subfield><subfield code="b">Iowa</subfield><subfield code="c">Sac</subfield><subfield code="d">Sac City.</subfield></datafield><datafield ind1="0" ind2="4" tag="780"><subfield code="t">Sac sun</subfield><subfield code="w">(DLC)sn 84027364</subfield></datafield><datafield ind1="0" ind2="4" tag="780"><subfield code="t">Sac County star</subfield><subfield code="w">(DLC)sn 88059457</subfield></datafield></record>